% This file was created with JabRef 2.9.2.
% Encoding: ISO8859_1

% Order alphabetically

@ARTICLE{GMaps2019,
  author = {Google Maps},
  title = {Google Maps},
  year = {2019}
}

